<record xmlns="http://www.openarchives.org/OAI/2.0/" xmlns:xsi="http://www.w3.org/2001/XMLSchema-instance">
  <header>
    <identifier>oai:www.openaccessrepository.it:7190</identifier>
    <datestamp>2016-06-29T14:35:13Z</datestamp>
    <setSpec>dataset:aleph</setSpec>
    <setSpec>openaire</setSpec>
  </header>
  <metadata>irods://data.repo.cineca.it:1247/CINECA01/home/DRES_EUDalep/dati/ZD4000.72.AL,11100/913aae58-cbe5-11e3-be28-e41f13eb41b2
eng<marc:record xmlns:marc="http://www.loc.gov/MARC21/slim" xmlns:xsi="http://www.w3.org/2001/XMLSchema-instance" xsi:schemaLocation="http://www.loc.gov/MARC21/slim http://www.loc.gov/standards/marcxml/schema/MARC21slim.xsd" type="Bibliographic"><marc:leader>00000coc  2200000uu 4500</marc:leader><marc:controlfield tag="001">7190</marc:controlfield><marc:controlfield tag="005">20160629143513.0</marc:controlfield><marc:datafield tag="024" ind1="7" ind2=" "><marc:subfield code="2">Handle</marc:subfield><marc:subfield code="a">irods://data.repo.cineca.it:1247/CINECA01/home/DRES_EUDalep/dati/ZD4000.72.AL,11100/913aae58-cbe5-11e3-be28-e41f13eb41b2
</marc:subfield></marc:datafield><marc:datafield tag="245" ind1=" " ind2=" "><marc:subfield code="9">ALEPH</marc:subfield><marc:subfield code="a">LEP Data from The ALEPH Collaboration year 2000 datafile ZD4000.72.AL</marc:subfield></marc:datafield><marc:datafield tag="260" ind1=" " ind2=" "><marc:subfield code="c">2014-09-01</marc:subfield></marc:datafield><marc:datafield tag="520" ind1=" " ind2=" "><marc:subfield code="9">ALEPH</marc:subfield><marc:subfield code="a">Run contents for this data file &lt;table border="1"&gt; &lt;tr&gt; &lt;th&gt;Run #&lt;/th&gt;&lt;th&gt;Nevents&lt;/th&gt;&lt;th&gt;Length (Mb)&lt;/th&gt;&lt;th&gt;LEP energy&lt;/th&gt;&lt;th&gt;Nb of Z0s&lt;/th&gt;&lt;/tr&gt; &lt;tr&gt; &lt;td&gt;54641&lt;/td&gt;&lt;td&gt;3697&lt;/td&gt;&lt;td&gt;8.555&lt;/td&gt;&lt;td&gt;206.544&lt;/td&gt;&lt;td&gt;7&lt;/td&gt;&lt;/tr&gt; &lt;tr&gt; &lt;td&gt;54643&lt;/td&gt;&lt;td&gt;7990&lt;/td&gt;&lt;td&gt;19.732&lt;/td&gt;&lt;td&gt;205.092&lt;/td&gt;&lt;td&gt;8&lt;/td&gt;&lt;/tr&gt; &lt;tr&gt; &lt;td&gt;54644&lt;/td&gt;&lt;td&gt;3299&lt;/td&gt;&lt;td&gt;7.753&lt;/td&gt;&lt;td&gt;206.468&lt;/td&gt;&lt;td&gt;5&lt;/td&gt;&lt;/tr&gt; &lt;tr&gt; &lt;td&gt;54646&lt;/td&gt;&lt;td&gt;8535&lt;/td&gt;&lt;td&gt;20.197&lt;/td&gt;&lt;td&gt;205.093&lt;/td&gt;&lt;td&gt;5&lt;/td&gt;&lt;/tr&gt; &lt;tr&gt; &lt;td&gt;54647&lt;/td&gt;&lt;td&gt;473&lt;/td&gt;&lt;td&gt;1.014&lt;/td&gt;&lt;td&gt;206.581&lt;/td&gt;&lt;td&gt;-1&lt;/td&gt;&lt;/tr&gt; &lt;tr&gt; &lt;td&gt;54649&lt;/td&gt;&lt;td&gt;8011&lt;/td&gt;&lt;td&gt;19.550&lt;/td&gt;&lt;td&gt;205.102&lt;/td&gt;&lt;td&gt;11&lt;/td&gt;&lt;/tr&gt; &lt;tr&gt; &lt;td&gt;54650&lt;/td&gt;&lt;td&gt;404&lt;/td&gt;&lt;td&gt;0.956&lt;/td&gt;&lt;td&gt;205.876&lt;/td&gt;&lt;td&gt;-1&lt;/td&gt;&lt;/tr&gt; &lt;tr&gt; &lt;td&gt;54651&lt;/td&gt;&lt;td&gt;1335&lt;/td&gt;&lt;td&gt;3.078&lt;/td&gt;&lt;td&gt;206.576&lt;/td&gt;&lt;td&gt;2&lt;/td&gt;&lt;/tr&gt; &lt;tr&gt; &lt;td&gt;54653&lt;/td&gt;&lt;td&gt;7504&lt;/td&gt;&lt;td&gt;18.028&lt;/td&gt;&lt;td&gt;205.102&lt;/td&gt;&lt;td&gt;8&lt;/td&gt;&lt;/tr&gt; &lt;tr&gt; &lt;td&gt;54654&lt;/td&gt;&lt;td&gt;1258&lt;/td&gt;&lt;td&gt;2.268&lt;/td&gt;&lt;td&gt;206.472&lt;/td&gt;&lt;td&gt;-1&lt;/td&gt;&lt;/tr&gt; &lt;tr&gt; &lt;td&gt;54656&lt;/td&gt;&lt;td&gt;5478&lt;/td&gt;&lt;td&gt;13.893&lt;/td&gt;&lt;td&gt;205.100&lt;/td&gt;&lt;td&gt;7&lt;/td&gt;&lt;/tr&gt; &lt;tr&gt; &lt;td&gt;54657&lt;/td&gt;&lt;td&gt;19543&lt;/td&gt;&lt;td&gt;44.210&lt;/td&gt;&lt;td&gt;206.603&lt;/td&gt;&lt;td&gt;18&lt;/td&gt;&lt;/tr&gt; &lt;tr&gt; &lt;td&gt;54658&lt;/td&gt;&lt;td&gt;3443&lt;/td&gt;&lt;td&gt;6.092&lt;/td&gt;&lt;td&gt;206.633&lt;/td&gt;&lt;td&gt;3&lt;/td&gt;&lt;/tr&gt; &lt;tr&gt; &lt;td&gt;54659&lt;/td&gt;&lt;td&gt;4209&lt;/td&gt;&lt;td&gt;6.368&lt;/td&gt;&lt;td&gt;207.830&lt;/td&gt;&lt;td&gt;1&lt;/td&gt;&lt;/tr&gt; &lt;tr&gt; &lt;td&gt;54661&lt;/td&gt;&lt;td&gt;6351&lt;/td&gt;&lt;td&gt;15.960&lt;/td&gt;&lt;td&gt;205.130&lt;/td&gt;&lt;td&gt;10&lt;/td&gt;&lt;/tr&gt; &lt;tr&gt; &lt;td&gt;54662&lt;/td&gt;&lt;td&gt;11827&lt;/td&gt;&lt;td&gt;27.274&lt;/td&gt;&lt;td&gt;206.604&lt;/td&gt;&lt;td&gt;17&lt;/td&gt;&lt;/tr&gt; &lt;tr&gt; &lt;td&gt;54664&lt;/td&gt;&lt;td&gt;17907&lt;/td&gt;&lt;td&gt;43.151&lt;/td&gt;&lt;td&gt;205.125&lt;/td&gt;&lt;td&gt;20&lt;/td&gt;&lt;/tr&gt; &lt;tr&gt; &lt;td&gt;54665&lt;/td&gt;&lt;td&gt;6180&lt;/td&gt;&lt;td&gt;13.097&lt;/td&gt;&lt;td&gt;206.651&lt;/td&gt;&lt;td&gt;7&lt;/td&gt;&lt;/tr&gt; &lt;tr&gt; &lt;td&gt;54666&lt;/td&gt;&lt;td&gt;2592&lt;/td&gt;&lt;td&gt;4.492&lt;/td&gt;&lt;td&gt;207.892&lt;/td&gt;&lt;td&gt;4&lt;/td&gt;&lt;/tr&gt; &lt;tr&gt; &lt;td&gt;54668&lt;/td&gt;&lt;td&gt;5329&lt;/td&gt;&lt;td&gt;12.884&lt;/td&gt;&lt;td&gt;205.140&lt;/td&gt;&lt;td&gt;2&lt;/td&gt;&lt;/tr&gt; &lt;tr&gt; &lt;td&gt;54669&lt;/td&gt;&lt;td&gt;3335&lt;/td&gt;&lt;td&gt;6.785&lt;/td&gt;&lt;td&gt;206.632&lt;/td&gt;&lt;td&gt;4&lt;/td&gt;&lt;/tr&gt; &lt;tr&gt; &lt;td&gt;54671&lt;/td&gt;&lt;td&gt;7891&lt;/td&gt;&lt;td&gt;19.378&lt;/td&gt;&lt;td&gt;205.133&lt;/td&gt;&lt;td&gt;7&lt;/td&gt;&lt;/tr&gt; &lt;tr&gt;&lt;/table&gt; Total file length :   305.594 Mbytes</marc:subfield></marc:datafield><marc:datafield tag="695" ind1=" " ind2=" "><marc:subfield code="2">HEP CERN LEP ALEPH MINI RealData 2000</marc:subfield></marc:datafield><marc:datafield tag="710" ind1=" " ind2=" "><marc:subfield code="g">ALEPH Collaboration</marc:subfield></marc:datafield><marc:datafield tag="856" ind1="4" ind2=" "><marc:subfield code="u">irods://data.repo.cineca.it:1247/CINECA01/home/DRES_EUDalep/dati/ZD4000.72.AL</marc:subfield><marc:subfield code="y">ALEPH</marc:subfield></marc:datafield><marc:datafield tag="909" ind1="C" ind2="O"><marc:subfield code="o">oai:www.openaccessrepository.it:7190</marc:subfield><marc:subfield code="p">openaire</marc:subfield><marc:subfield code="p">dataset:aleph</marc:subfield></marc:datafield><marc:datafield tag="650" ind1="1" ind2="7"><marc:subfield code="a">High Energy Physics</marc:subfield></marc:datafield><marc:datafield tag="269" ind1=" " ind2=" "><marc:subfield code="c">2000</marc:subfield></marc:datafield><marc:datafield tag="500" ind1=" " ind2=" "><marc:subfield code="f">ALEPH - INFN</marc:subfield></marc:datafield><marc:datafield tag="980" ind1=" " ind2=" "><marc:subfield code="a">DATASETREALDATA</marc:subfield></marc:datafield><marc:datafield tag="999" ind1=" " ind2=" "><marc:subfield code="9">Marcello Maggi</marc:subfield><marc:subfield code="c">3391633296</marc:subfield><marc:subfield code="s">316651320</marc:subfield></marc:datafield><marc:datafield tag="999" ind1="C" ind2="5"><marc:subfield code="t">Search for neutral Higgs bosons decaying into four taus at LEP2</marc:subfield><marc:subfield code="a">10.1007/JHEP05(2010)049</marc:subfield><marc:subfield code="y">2010</marc:subfield><marc:subfield code="o">[1]</marc:subfield><marc:subfield code="r">PUBLICATIONINFN-2014-001</marc:subfield><marc:subfield code="o">[1]</marc:subfield></marc:datafield><marc:datafield tag="999" ind1="C" ind2="5"><marc:subfield code="a">10.5072/oar.it/1411041136.04 </marc:subfield><marc:subfield code="t">ALEPH SCL5 Virtual Machine for Research Environment</marc:subfield><marc:subfield code="r">SOFTWAREALEPH-2014-001</marc:subfield><marc:subfield code="o">[2]</marc:subfield></marc:datafield><marc:datafield tag="041" ind1=" " ind2=" "><marc:subfield code="a">eng</marc:subfield></marc:datafield><marc:datafield tag="042" ind1=" " ind2=" "><marc:subfield code="a">Researchers</marc:subfield></marc:datafield><marc:datafield tag="043" ind1=" " ind2=" "><marc:subfield code="a">info:eu-repo/semantics/other</marc:subfield></marc:datafield><marc:datafield tag="100" ind1=" " ind2=" "><marc:subfield code="a">Marcello Maggi</marc:subfield></marc:datafield></marc:record>
</metadata>
</record>
